<?xml version="1.0" encoding="UTF-8"?><collection><record><leader>07267ntm a2200637 a 4500</leader><controlfield tag="001">006795098</controlfield><controlfield tag="003">MiAaHDL</controlfield><controlfield tag="005">20190719000000.0</controlfield><controlfield tag="006">m        d        </controlfield><controlfield tag="007">cr bn ---auaua</controlfield><controlfield tag="008">090520s1553    xx            00| ||ara d</controlfield><datafield tag="035" ind1=" " ind2=" "><subfield code="a">(MiU)006795098</subfield></datafield><datafield tag="035" ind1=" " ind2=" "><subfield code="a">sdr-miu006795098</subfield></datafield><datafield tag="040" ind1=" " ind2=" "><subfield code="a">MiU</subfield><subfield code="c">MiU</subfield><subfield code="e">amremm</subfield></datafield><datafield tag="043" ind1=" " ind2=" "><subfield code="a">n-us-mi</subfield><subfield code="a">ff-----</subfield><subfield code="a">aw-----</subfield><subfield code="a">e-sp---</subfield></datafield><datafield tag="100" ind1="1" ind2=" "><subfield code="6">880-01</subfield><subfield code="a">Kardarī, Ibn al-Bazzāz,</subfield><subfield code="d">-1424.</subfield></datafield><datafield tag="245" ind1="1" ind2="3"><subfield code="6">880-02</subfield><subfield code="a">al-Jāmiʻ al-wajīz fī al-fatāwá,</subfield><subfield code="f">[960, i.e. 1553].</subfield></datafield><datafield tag="246" ind1="3" ind2=" "><subfield code="6">880-06</subfield><subfield code="a">Fatāwá al-Kardarī</subfield></datafield><datafield tag="246" ind1="3" ind2=" "><subfield code="6">880-05</subfield><subfield code="a">Fatāwá al-Bazzāzīyah</subfield></datafield><datafield tag="246" ind1="3" ind2=" "><subfield code="6">880-04</subfield><subfield code="i">Title from inscription on fol.1a:</subfield><subfield code="a">Kitāb Fatāwá al-Bazzāzīyah</subfield></datafield><datafield tag="246" ind1="3" ind2=" "><subfield code="6">880-03</subfield><subfield code="i">Edge title:</subfield><subfield code="a">Bazzāzīyah</subfield></datafield><datafield tag="260" ind1=" " ind2=" "><subfield code="c">[1553].</subfield></datafield><datafield tag="300" ind1=" " ind2=" "><subfield code="a">468 leaves :</subfield><subfield code="b">paper ;</subfield><subfield code="c">287 x 165 (208 x 100) mm. bound to 290 x 170 mm.</subfield></datafield><datafield tag="500" ind1=" " ind2=" "><subfield code="a">Shelfmark: Ann Arbor, University of Michigan, Special Collections Library, Isl. Ms. 539</subfield></datafield><datafield tag="500" ind1=" " ind2=" "><subfield code="a">Origin: According to colophon on fol.468b, copied by Yaḥyá ibn ʻAlī al-Saqaṭī al-Mālaqī [?]. Copying completed ("najiza Kitāb al-Jāmiʻ al-wajīz...") 2nd Jumādá II 960 [ca. 16 May 1553].</subfield></datafield><datafield tag="500" ind1=" " ind2=" "><subfield code="a">Accompanying materials: a. Inventory cataloguing slip in hand of Winifred Smeaton Thomas. -- b. Acquisitions slip from Yahuda. -- c. a number of scraps with doodles (pen trials?) inserted irregularly at mid-quire in the latter part of the codex (see fol.233b-234a, etc.).</subfield></datafield><datafield tag="500" ind1=" " ind2=" "><subfield code="a">Former shelfmark: From inner front cover and spine label, "IL 259" (likely supplied by Yahuda, see acquisitions slip); front flyleaf in purple ink "۱٤".</subfield></datafield><datafield tag="500" ind1=" " ind2=" "><subfield code="a">Binding: Pasteboards covered in brown leather with numerous repairs in brown and red leathers; Type II (with flap); present flap may be recycled or restoration, i.e. not original to covers; upper and lower covers carry gold-stamped central mandorla, pendants, and cornerpieces (compare Déroche class. OSd 8 and OSd 9); blind-stamped rosettes on fore-edge flap; blind-stamped geometric border on envelope flap; doublures of dark brown leather, upper doublure inscribed in black ink "احمد بن زين الدين"; interior of flap in woven cloth and marbled paper in green, blue, and yellow; pasted label on spine with shelfmark; in poor condition.</subfield></datafield><datafield tag="500" ind1=" " ind2=" "><subfield code="a">Support: primarily non-European (likely Persianate) laid paper with roughly 8-9 laid lines per cm. (vertical, indistinct) and no chain lines plainly visible; somewhat thin with many inclusions, cloudy formation, well-burnished, in several places quite worn; flyleaves are of a much later wove paper bearing embossed mark ("imitation watermark") in shape of tabula ansata (30 x 15 mm.) with inscription "اثر جديد عهد همايون" ; this same paper is used for the extensive page repairs and reinforcement throughout.</subfield></datafield><datafield tag="500" ind1=" " ind2=" "><subfield code="a">Decoration: Illuminated headpiece (ʻunwān) on fol.1b, clearly damaged with only trace of upper panel remaining (in gold with red and blue accents, vegetal design); cartouche within lower panel of headpiece carries basmalah on a field of gold; gilt vegetal pattern extends over angular fields of blue and gold on either side of cartouche; bounded with red frame and gold border; frame in gold and blue on incipit page, red rule-borders thereafter throughout; textual dividers in the form of red discs on incipit page and facing page; text rubricated, with section headings, overlines, etc. in red as well as gold, blue, green, and violet; text of headings for rubrication written in margins, though occasionally cut off where page has been trimmed or worn.</subfield></datafield><datafield tag="500" ind1=" " ind2=" "><subfield code="a">Script: Naskh; clear hand; sans serif, occasional sweeping tails and descent of words to the baseline; different hand supplies text of fol.440b-445a.</subfield></datafield><datafield tag="500" ind1=" " ind2=" "><subfield code="a">Layout: Written in 31 lines per page.</subfield></datafield><datafield tag="500" ind1=" " ind2=" "><subfield code="a">Collation: ii, 2 V (20), IV (28), 10 V (128), VI (140), 2 V (160), IV (168), 13 V (298), V+1 (309), IV (317), 9 V (407), IV+1 (416), VI (428), I (430), II (434), VIII (450), IV (458), I (460), IV (469), ii; chiefly quinions; catchwords present; foliation in red ink, Hindu-Arabic numerals, begins on folio following the incipit page with "٢", skips ١۶۶ and count off thereafter; pagination in pencil, Western numerals, referenced in cataloguing.</subfield></datafield><datafield tag="500" ind1=" " ind2=" "><subfield code="a">Colophon: "Scribal," triangular/trapezoidal, reads: "نجز كتاب الجامع الوجيز في الفتاوى بحمد الله وعونه في ثاني شهر جمادى الثاني في سنة ستين وتسعماية على يد الفقير الحقير المعترف بالعجز والتقصير الراجي رحمة ربه القدير الواثق بربه المعطي يحيى بن علي السفطي المالقي [؟] حامد الله تعالى وصلى الله على سيدنا ونبينا ومحمد وعلى اله وصحابه وسلم تسليما كثيرا"</subfield></datafield><datafield tag="500" ind1=" " ind2=" "><subfield code="a">Explicit: "وصمت بعارض فهو كالمريض المعتقل لسانه كذا في المحبوبي والله اعلم"</subfield></datafield><datafield tag="500" ind1=" " ind2=" "><subfield code="a">Incipit: "[حمدا لمن دعا الى دار] السلام بمحمد عليه افضل الصلاة والسلام شارع احكام الاسلام ... وبعد فهذا [مختصر] في بيان تعريفات الاحكام على وجه الاتقان والاحكام جمعه العبد محمد بن محمد الكردري ... كتاب الطهارة"</subfield></datafield><datafield tag="500" ind1=" " ind2=" "><subfield code="a">Title from colophon on fol.468b.</subfield></datafield><datafield tag="500" ind1=" " ind2=" "><subfield code="a">Ms. codex.</subfield></datafield><datafield tag="510" ind1="4" ind2=" "><subfield code="a">Ḥājjī Khalīfah. Kashf al-ẓunūn,</subfield><subfield code="c">ii 49 ; iv 354 ; iv 367</subfield></datafield><datafield tag="510" ind1="4" ind2=" "><subfield code="a">Brockelmann, C. GAL,</subfield><subfield code="c">II, 225</subfield></datafield><datafield tag="520" ind1="8" ind2=" "><subfield code="a">A compendium of Ḥanafī fatwas from various sources; copy in rough condition with extensive page repairs and some loss of text. See Isl. Ms. 70 for another ms. copy.</subfield></datafield><datafield tag="538" ind1=" " ind2=" "><subfield code="a">Mode of access: Internet.</subfield></datafield><datafield tag="541" ind1=" " ind2=" "><subfield code="a">Acquired in 1926 from the bookseller Isaac Benjamin S.E. Yahuda via purchase transacted on his behalf by Abraham Shalom Yahuda (1877-1951), his younger brother.</subfield></datafield><datafield tag="546" ind1=" " ind2=" "><subfield code="a">Arabic.</subfield></datafield><datafield tag="561" ind1=" " ind2=" "><subfield code="a">Oval seal impression in black ink on fol.468b, "عبد الرحمن..."; inscription on upper doublure gives name of Aḥmad ibn Zayn al-Dīn (الحمد بن زين الدين) ; marginal corrections and notabilia (side-heads) throughout; various signes-de-renvoi employed including inverted caret to mark omissions (see fol.11a); collation mark "بلغ" found in later quires from fol.251b.</subfield></datafield><datafield tag="650" ind1=" " ind2="0"><subfield code="a">Manuscripts, Arabic</subfield><subfield code="z">Michigan</subfield><subfield code="z">Ann Arbor.</subfield></datafield><datafield tag="650" ind1=" " ind2="0"><subfield code="a">Islamic law</subfield><subfield code="v">Sources</subfield><subfield code="v">Early works to 1800.</subfield></datafield><datafield tag="650" ind1=" " ind2="0"><subfield code="a">Hanafites</subfield><subfield code="v">Early works to 1800.</subfield></datafield><datafield tag="650" ind1=" " ind2="0"><subfield code="a">Fatwas</subfield><subfield code="v">Early works to 1800.</subfield></datafield><datafield tag="655" ind1=" " ind2="7"><subfield code="a">Headpieces (layout features)</subfield><subfield code="z">Islamic empire</subfield><subfield code="y">16th century.</subfield><subfield code="2">aat</subfield></datafield><datafield tag="700" ind1="0" ind2=" "><subfield code="6">880-07</subfield><subfield code="a">Yaḥyá ibn ʻAlī al-Saqaṭī al-Mālaqī,</subfield><subfield code="d">fl. 1553,</subfield><subfield code="e">scribe.</subfield></datafield><datafield tag="773" ind1="0" ind2=" "><subfield code="a">Yahuda Collection.</subfield></datafield><datafield tag="880" ind1="0" ind2=" "><subfield code="6">700-07/</subfield><subfield code="a">يحيى بن علي السقطي المالقي,</subfield><subfield code="e">ناسخ.</subfield></datafield><datafield tag="880" ind1="3" ind2=" "><subfield code="6">246-06/</subfield><subfield code="a">فتاوى الكدري</subfield></datafield><datafield tag="880" ind1="3" ind2=" "><subfield code="6">246-05/</subfield><subfield code="a">فتاوى البزازية</subfield></datafield><datafield tag="880" ind1="3" ind2=" "><subfield code="6">246-04/</subfield><subfield code="a">كتاب فتاوى البزازية</subfield></datafield><datafield tag="880" ind1="3" ind2=" "><subfield code="6">246-03/</subfield><subfield code="a">بزازية</subfield></datafield><datafield tag="880" ind1="1" ind2="2"><subfield code="6">245-02/</subfield><subfield code="a">الجامع الوجيز في الفتاوى,</subfield><subfield code="f">[960ه، 1553م].</subfield></datafield><datafield tag="880" ind1="1" ind2=" "><subfield code="6">100-01/</subfield><subfield code="a">كردري، بن البزاز.</subfield></datafield><datafield tag="CID" ind1=" " ind2=" "><subfield code="a">006795098</subfield></datafield><datafield tag="DAT" ind1="0" ind2=" "><subfield code="a">20190719102635.0</subfield><subfield code="b">20190719000000.0</subfield></datafield><datafield tag="DAT" ind1="1" ind2=" "><subfield code="a">20190719090653.0</subfield><subfield code="b">2019-07-19T16:11:27Z</subfield></datafield><datafield tag="DAT" ind1="2" ind2=" "><subfield code="a">2015-10-02T18:00:03Z</subfield></datafield><datafield tag="CAT" ind1=" " ind2=" "><subfield code="a">SDR-MIU</subfield><subfield code="d">EX LIBRIS - ALEPH</subfield><subfield code="l">prepare.pl-004-008</subfield></datafield><datafield tag="FMT" ind1=" " ind2=" "><subfield code="a">BK</subfield></datafield><datafield tag="HOL" ind1=" " ind2=" "><subfield code="0">sdr-miu006795098</subfield><subfield code="a">MiU</subfield><subfield code="b">SDR</subfield><subfield code="c">MIU</subfield><subfield code="p">mdp.39015079126341</subfield><subfield code="s">MIU</subfield><subfield code="1">006795098</subfield></datafield><datafield tag="974" ind1=" " ind2=" "><subfield code="b">MIU</subfield><subfield code="c">MIU</subfield><subfield code="d">20190719</subfield><subfield code="s">lit-dlps-dc</subfield><subfield code="u">mdp.39015079126341</subfield><subfield code="y">1553</subfield><subfield code="r">pd</subfield><subfield code="q">bib</subfield><subfield code="t">non-US bib date1 &lt; 1896</subfield></datafield></record></collection>